<?xml version="1.0" encoding="UTF-8"?><collection><record><leader>05766ntm a2200613 a 4500</leader><controlfield tag="001">006805360</controlfield><controlfield tag="003">MiAaHDL</controlfield><controlfield tag="005">20190719000000.0</controlfield><controlfield tag="006">m        d        </controlfield><controlfield tag="007">cr bn ---auaua</controlfield><controlfield tag="008">090601q18001843tu            00| ||per d</controlfield><datafield tag="035" ind1=" " ind2=" "><subfield code="a">(MiU)006805360</subfield></datafield><datafield tag="035" ind1=" " ind2=" "><subfield code="a">sdr-miu006805360</subfield></datafield><datafield tag="040" ind1=" " ind2=" "><subfield code="a">MiU</subfield><subfield code="c">MiU</subfield><subfield code="e">amremm</subfield></datafield><datafield tag="041" ind1="0" ind2=" "><subfield code="a">per</subfield><subfield code="a">ota</subfield></datafield><datafield tag="043" ind1=" " ind2=" "><subfield code="a">n-us-mi</subfield></datafield><datafield tag="245" ind1="0" ind2="0"><subfield code="6">880-03</subfield><subfield code="a">[Calligraphic Specimen,</subfield><subfield code="f">early 19th century?].</subfield></datafield><datafield tag="260" ind1=" " ind2=" "><subfield code="a">[Istanbul?,</subfield><subfield code="c">1800-1843?].</subfield></datafield><datafield tag="300" ind1=" " ind2=" "><subfield code="a">12 panels :</subfield><subfield code="b">paper ;</subfield><subfield code="c">343 x 215 (200 x 113) mm.</subfield></datafield><datafield tag="500" ind1=" " ind2=" "><subfield code="a">Shelfmark: Ann Arbor, University of Michigan, Special Collections Library, Isl. Ms. 276</subfield></datafield><datafield tag="500" ind1=" " ind2=" "><subfield code="a">Origin: As appears in colophon on final panel, executed by Ömer Sırrı, one of the students of Mehmet Sadullah Efendi, known as Arabzade. Date of transcription not specified, but likely during Ömer Sırrı's training and thus before the death of Arabzade Mehmet Sadullah Efendi.</subfield></datafield><datafield tag="500" ind1=" " ind2=" "><subfield code="a">Binding: Boards covered in red-brown leather ; Type III binding (without flap) ; board linings and lining of opening and closing panel in light blue coated and textured paper ; upper and lower covers carry exquisite tooled vegetal design (swirling leaves and flowers set off by small rosette stamps surrounding central almond-shaped form) in contrasting shades of gold, set in gold tooled borders (also in contrasting colors) in a series of s-shaped stamps and rosettes ; panels edged in red-brown leather with gold-painted rule borders and hinged together with dark pink silk ; overall in good condition ; repairs in Japanese paper (rebacked).</subfield></datafield><datafield tag="500" ind1=" " ind2=" "><subfield code="a">Support: Written area on well-burnished paper (untinted or tinted blue, red, etc. or marbled), set in frames of embossed paper (with vegetal designs) tinted various shades (pale peach, olive green, orange, yellow, turquoise, light blue, red, dark green, etc.) with colors of facing panels matching.</subfield></datafield><datafield tag="500" ind1=" " ind2=" "><subfield code="a">Decoration: Written area surrounded by frame of heavy gold and colored bands (mainly in blue and red) set off by white fillets ; each specimen (kıta) set in a frame bordered in gold rules ; two specimens chrysographed ; leaves and floral sprays in blue, lavender, pink, green and gold flank colophon at close.</subfield></datafield><datafield tag="500" ind1=" " ind2=" "><subfield code="a">Script: Nastaʻlīq (talik) ; exquisite specimen Ottoman calligraphy.</subfield></datafield><datafield tag="500" ind1=" " ind2=" "><subfield code="a">Layout: Written in four lines per page with logograph for "سعي" under each line.</subfield></datafield><datafield tag="500" ind1=" " ind2=" "><subfield code="a">Collation: Twelve 'panels' (mounted leaves) hinged together mainly in dark pink silk ; 'pagination' in red ink, Hindu-Arabic numerals in upper outer corner of panel (frame).</subfield></datafield><datafield tag="500" ind1=" " ind2=" "><subfield code="a">Colophon: "نوشته شد بقلم شكتسه سيد عمر سرى كيه دار ناظر ديوان دعاوى صانه الله تعالى عن النقايص والمساوى از شاكر دان حضرت استاد مكارم اعتياد صدر والاى روم ايلى مولانا محمد سعد الله افندى الشهير بعرب زاده همه كا مش بادآ آماده"</subfield></datafield><datafield tag="500" ind1=" " ind2=" "><subfield code="a">Explicit: "اثر اميدى ايله عالمده ايلدم بو قطعاتي تحرير اوقور اخوان صفا تاريخن اولدى والا اثر عبد فقير ١١٥٦ "</subfield></datafield><datafield tag="500" ind1=" " ind2=" "><subfield code="a">Incipit: "بسم الله الرحمن الرحيم اعظم اسماء عليم حكيم محترمان حرم انس را تازه حديثست ز عهد قديم..."</subfield></datafield><datafield tag="500" ind1=" " ind2=" "><subfield code="a">Title supplied by cataloguer.</subfield></datafield><datafield tag="500" ind1=" " ind2=" "><subfield code="a">Ms. codex.</subfield></datafield><datafield tag="510" ind1="4" ind2=" "><subfield code="a">Binney, Edwin, 3rd. Turkish treasures from the collection of Edwin Binney, 3rd. (Portland, OR: Portland Art Museum, 1979)</subfield><subfield code="c">no.96, pp.144-145, 169</subfield></datafield><datafield tag="510" ind1="4" ind2=" "><subfield code="a">Çiğ, Kemal. Türk kitap kapları. ([İstanbul]: Yapı ve Kredi Bankası, [1971]),</subfield><subfield code="c">Resim XXX, p.56</subfield></datafield><datafield tag="510" ind1="4" ind2=" "><subfield code="a">Derman, M. Uğur. Letters in gold : Ottoman calligraphy from the Sakıp Sabancı collection, Istanbul. (New York : Metropolitian Museum of Art : Distributed by H.N. Abrams, c1998),</subfield><subfield code="c">pp.102-103</subfield></datafield><datafield tag="510" ind1="4" ind2=" "><subfield code="a">Zakariya, Mohamed. "Islamic calligraphy: A technical overview." In Brocade of the pen: the art of Islamic writing. Carol Garrett Fisher, ed. (East Lansing, MI: Kresge Art Museum, Michigan State University, 1991):</subfield><subfield code="c">1-17</subfield></datafield><datafield tag="510" ind1="4" ind2=" "><subfield code="a">Brocade of the pen : the art of Islamic writing. Carol Garrett Fisher, ed. (East Lansing, MI: Kresge Art Museum, Michigan State University, 1991),</subfield><subfield code="c">no.15, p.84</subfield></datafield><datafield tag="510" ind1="4" ind2=" "><subfield code="a">University of Michigan Library. Manuscripts &amp; papyri : an exhibition arranged for the XXVII International Congress of Orientalists, Ann Arbor, Michigan, August 13-19, 1967. (Ann Arbor, MI [?], 1967),</subfield><subfield code="c">no.29, p.8</subfield></datafield><datafield tag="520" ind1="8" ind2=" "><subfield code="a">Exquisite calligraphic specimen employing Jāmī's qaṣīdah on the basmalah for mürekkebât meșki exercises, executed by one of the students of Arabzade Mehmet Sadullah Efendi (d.1843).</subfield></datafield><datafield tag="538" ind1=" " ind2=" "><subfield code="a">Mode of access: Internet.</subfield></datafield><datafield tag="541" ind1=" " ind2=" "><subfield code="c">Purchase ;</subfield><subfield code="a">Acquired by purchase (funds donated by Horace Rackham).</subfield><subfield code="d">1924.</subfield></datafield><datafield tag="546" ind1=" " ind2=" "><subfield code="a">Persian and Ottoman Turkish.</subfield></datafield><datafield tag="561" ind1=" " ind2=" "><subfield code="a">Clean copy.</subfield></datafield><datafield tag="650" ind1=" " ind2="0"><subfield code="a">Manuscripts, Turkish</subfield><subfield code="z">Michigan</subfield><subfield code="z">Ann Arbor.</subfield></datafield><datafield tag="650" ind1=" " ind2="0"><subfield code="a">Manuscripts, Persian</subfield><subfield code="z">Michigan</subfield><subfield code="z">Ann Arbor.</subfield></datafield><datafield tag="650" ind1=" " ind2="0"><subfield code="a">Calligraphy, Turkish</subfield><subfield code="v">Specimens.</subfield></datafield><datafield tag="650" ind1=" " ind2="0"><subfield code="a">Calligraphy, Persian</subfield><subfield code="v">Specimens.</subfield></datafield><datafield tag="700" ind1="0" ind2=" "><subfield code="a">Abdülhamid</subfield><subfield code="b">II,</subfield><subfield code="c">Sultan of the Turks,</subfield><subfield code="d">1842-1918,</subfield><subfield code="e">former owner.</subfield></datafield><datafield tag="700" ind1="0" ind2="2"><subfield code="6">880-05</subfield><subfield code="a">Jāmī,</subfield><subfield code="d">1414-1492.</subfield><subfield code="t">Poems.</subfield><subfield code="k">Selection.</subfield></datafield><datafield tag="700" ind1="0" ind2=" "><subfield code="6">880-04</subfield><subfield code="a">Ömer Sırrı,</subfield><subfield code="e">calligrapher.</subfield></datafield><datafield tag="773" ind1="0" ind2=" "><subfield code="a">Abdul Hamid Collection.</subfield></datafield><datafield tag="880" ind1="0" ind2="2"><subfield code="6">700-05/</subfield><subfield code="a">جامى.</subfield><subfield code="t">اشعار.</subfield><subfield code="k">منتخبات</subfield></datafield><datafield tag="880" ind1="0" ind2=" "><subfield code="6">700-04/</subfield><subfield code="a">عمر سرى،</subfield><subfield code="e">خطاط.</subfield></datafield><datafield tag="880" ind1="0" ind2="0"><subfield code="6">245-03/</subfield><subfield code="a">[مرقع حسن الخط,</subfield><subfield code="f">اوائل القرن 19م؟].</subfield></datafield><datafield tag="CID" ind1=" " ind2=" "><subfield code="a">006805360</subfield></datafield><datafield tag="DAT" ind1="0" ind2=" "><subfield code="a">20190719102637.0</subfield><subfield code="b">20190719000000.0</subfield></datafield><datafield tag="DAT" ind1="1" ind2=" "><subfield code="a">20190719090653.0</subfield><subfield code="b">2019-07-19T16:11:38Z</subfield></datafield><datafield tag="DAT" ind1="2" ind2=" "><subfield code="a">2015-10-10T18:00:06Z</subfield></datafield><datafield tag="CAT" ind1=" " ind2=" "><subfield code="a">SDR-MIU</subfield><subfield code="d">EX LIBRIS - ALEPH</subfield><subfield code="l">prepare.pl-004-008</subfield></datafield><datafield tag="FMT" ind1=" " ind2=" "><subfield code="a">BK</subfield></datafield><datafield tag="HOL" ind1=" " ind2=" "><subfield code="0">sdr-miu006805360</subfield><subfield code="a">MiU</subfield><subfield code="b">SDR</subfield><subfield code="c">MIU</subfield><subfield code="p">mdp.39015088436897</subfield><subfield code="s">MIU</subfield><subfield code="1">006805360</subfield></datafield><datafield tag="974" ind1=" " ind2=" "><subfield code="b">MIU</subfield><subfield code="c">MIU</subfield><subfield code="d">20190719</subfield><subfield code="s">lit-dlps-dc</subfield><subfield code="u">mdp.39015088436897</subfield><subfield code="y">1843</subfield><subfield code="r">pd</subfield><subfield code="q">bib</subfield><subfield code="t">non-US bib date2 &lt; 1879</subfield></datafield></record></collection>